@ARTICLE{2018arXiv180706209P,
   author = {{Planck Collaboration} and {Aghanim}, N. and {Akrami}, Y. and 
    {Ashdown}, M. and {Aumont}, J. and {Baccigalupi}, C. and {Ballardini}, M. and 
    {Banday}, A.~J. and {Barreiro}, R.~B. and {Bartolo}, N. and 
    {Basak}, S. and {Battye}, R. and {Benabed}, K. and {Bernard}, J.-P. and 
    {Bersanelli}, M. and {Bielewicz}, P. and {Bock}, J.~J. and {Bond}, J.~R. and 
    {Borrill}, J. and {Bouchet}, F.~R. and {Boulanger}, F. and {Bucher}, M. and 
    {Burigana}, C. and {Butler}, R.~C. and {Calabrese}, E. and {Cardoso}, J.-F. and 
    {Carron}, J. and {Challinor}, A. and {Chiang}, H.~C. and {Chluba}, J. and 
    {Colombo}, L.~P.~L. and {Combet}, C. and {Contreras}, D. and 
    {Crill}, B.~P. and {Cuttaia}, F. and {de Bernardis}, P. and 
    {de Zotti}, G. and {Delabrouille}, J. and {Delouis}, J.-M. and 
    {Di Valentino}, E. and {Diego}, J.~M. and {Dor{\'e}}, O. and 
    {Douspis}, M. and {Ducout}, A. and {Dupac}, X. and {Dusini}, S. and 
    {Efstathiou}, G. and {Elsner}, F. and {En{\ss}lin}, T.~A. and 
    {Eriksen}, H.~K. and {Fantaye}, Y. and {Farhang}, M. and {Fergusson}, J. and 
    {Fernandez-Cobos}, R. and {Finelli}, F. and {Forastieri}, F. and 
    {Frailis}, M. and {Franceschi}, E. and {Frolov}, A. and {Galeotta}, S. and 
    {Galli}, S. and {Ganga}, K. and {G{\'e}nova-Santos}, R.~T. and 
    {Gerbino}, M. and {Ghosh}, T. and {Gonz{\'a}lez-Nuevo}, J. and 
    {G{\'o}rski}, K.~M. and {Gratton}, S. and {Gruppuso}, A. and 
    {Gudmundsson}, J.~E. and {Hamann}, J. and {Handley}, W. and 
    {Herranz}, D. and {Hivon}, E. and {Huang}, Z. and {Jaffe}, A.~H. and 
    {Jones}, W.~C. and {Karakci}, A. and {Keih{\"a}nen}, E. and 
    {Keskitalo}, R. and {Kiiveri}, K. and {Kim}, J. and {Kisner}, T.~S. and 
    {Knox}, L. and {Krachmalnicoff}, N. and {Kunz}, M. and {Kurki-Suonio}, H. and 
    {Lagache}, G. and {Lamarre}, J.-M. and {Lasenby}, A. and {Lattanzi}, M. and 
    {Lawrence}, C.~R. and {Le Jeune}, M. and {Lemos}, P. and {Lesgourgues}, J. and 
    {Levrier}, F. and {Lewis}, A. and {Liguori}, M. and {Lilje}, P.~B. and 
    {Lilley}, M. and {Lindholm}, V. and {L{\'o}pez-Caniego}, M. and 
    {Lubin}, P.~M. and {Ma}, Y.-Z. and {Mac{\'{\i}}as-P{\'e}rez}, J.~F. and 
    {Maggio}, G. and {Maino}, D. and {Mandolesi}, N. and {Mangilli}, A. and 
    {Marcos-Caballero}, A. and {Maris}, M. and {Martin}, P.~G. and 
    {Martinelli}, M. and {Mart{\'{\i}}nez-Gonz{\'a}lez}, E. and 
    {Matarrese}, S. and {Mauri}, N. and {McEwen}, J.~D. and {Meinhold}, P.~R. and 
    {Melchiorri}, A. and {Mennella}, A. and {Migliaccio}, M. and 
    {Millea}, M. and {Mitra}, S. and {Miville-Desch{\^e}nes}, M.-A. and 
    {Molinari}, D. and {Montier}, L. and {Morgante}, G. and {Moss}, A. and 
    {Natoli}, P. and {N{\o}rgaard-Nielsen}, H.~U. and {Pagano}, L. and 
    {Paoletti}, D. and {Partridge}, B. and {Patanchon}, G. and {Peiris}, H.~V. and 
    {Perrotta}, F. and {Pettorino}, V. and {Piacentini}, F. and 
    {Polastri}, L. and {Polenta}, G. and {Puget}, J.-L. and {Rachen}, J.~P. and 
    {Reinecke}, M. and {Remazeilles}, M. and {Renzi}, A. and {Rocha}, G. and 
    {Rosset}, C. and {Roudier}, G. and {Rubi{\~n}o-Mart{\'{\i}}n}, J.~A. and 
    {Ruiz-Granados}, B. and {Salvati}, L. and {Sandri}, M. and {Savelainen}, M. and 
    {Scott}, D. and {Shellard}, E.~P.~S. and {Sirignano}, C. and 
    {Sirri}, G. and {Spencer}, L.~D. and {Sunyaev}, R. and {Suur-Uski}, A.-S. and 
    {Tauber}, J.~A. and {Tavagnacco}, D. and {Tenti}, M. and {Toffolatti}, L. and 
    {Tomasi}, M. and {Trombetti}, T. and {Valenziano}, L. and {Valiviita}, J. and 
    {Van Tent}, B. and {Vibert}, L. and {Vielva}, P. and {Villa}, F. and 
    {Vittorio}, N. and {Wandelt}, B.~D. and {Wehus}, I.~K. and {White}, M. and 
    {White}, S.~D.~M. and {Zacchei}, A. and {Zonca}, A.},
    title = "{Planck 2018 results. VI. Cosmological parameters}",
  journal = {arXiv e-prints},
archivePrefix = "arXiv",
   eprint = {1807.06209},
 keywords = {Astrophysics - Cosmology and Nongalactic Astrophysics},
     year = 2018,
    month = jul,
   adsurl = {http://adsabs.harvard.edu/abs/2018arXiv180706209P},
  adsnote = {Provided by the SAO/NASA Astrophysics Data System}
}

@ARTICLE{2015PASA...32...45B,
   author = {{Becker}, G.~D. and {Bolton}, J.~S. and {Lidz}, A.},
    title = "{Reionisation and High-Redshift Galaxies: The View from Quasar Absorption Lines}",
  journal = {\pasa},
archivePrefix = "arXiv",
   eprint = {1510.03368},
 keywords = {dark ages, reionization, first stars, Galaxies: evolution, Galaxies: high-redshift, intergalactic medium, quasars: absorption lines},
     year = 2015,
    month = dec,
   volume = 32,
      eid = {e045},
    pages = {e045},
      doi = {10.1017/pasa.2015.45},
   adsurl = {http://adsabs.harvard.edu/abs/2015PASA...32...45B},
  adsnote = {Provided by the SAO/NASA Astrophysics Data System}
}

@ARTICLE{2017MNRAS.465.3429C,
   author = {{Chardin}, J. and {Puchwein}, E. and {Haehnelt}, M.~G.},
    title = "{Large-scale opacity fluctuations in the Ly{$\alpha$} forest: evidence for QSOs dominating the ionizing UV background at z {\sim} 5.5-6?}",
  journal = {\mnras},
archivePrefix = "arXiv",
   eprint = {1606.08231},
 keywords = {methods: numerical, galaxies: evolution, quasars: general, cosmology: theory, diffuse radiation},
     year = 2017,
    month = mar,
   volume = 465,
    pages = {3429-3445},
      doi = {10.1093/mnras/stw2943},
   adsurl = {http://adsabs.harvard.edu/abs/2017MNRAS.465.3429C},
  adsnote = {Provided by the SAO/NASA Astrophysics Data System}
}


@ARTICLE{2015ApJ...799..179M,
   author = {{Malloy}, M. and {Lidz}, A.},
    title = "{How to Search for Islands of Neutral Hydrogen in the z \~{} 5.5 IGM}",
  journal = {\apj},
archivePrefix = "arXiv",
   eprint = {1410.0020},
 keywords = {cosmology: theory, intergalactic medium, large-scale structure of universe},
     year = 2015,
    month = feb,
   volume = 799,
      eid = {179},
    pages = {179},
      doi = {10.1088/0004-637X/799/2/179},
   adsurl = {http://adsabs.harvard.edu/abs/2015ApJ...799..179M},
  adsnote = {Provided by the SAO/NASA Astrophysics Data System}
}

@ARTICLE{2018ApJ...864...53E,
   author = {{Eilers}, A.-C. and {Davies}, F.~B. and {Hennawi}, J.~F.},
    title = "{The Opacity of the Intergalactic Medium Measured along Quasar Sightlines at z{\nbsp}{\sim}{\nbsp}6}",
  journal = {\apj},
archivePrefix = "arXiv",
   eprint = {1807.04229},
 keywords = {dark ages, reionization, first stars, intergalactic medium, methods: data analysis, quasars: absorption lines },
     year = 2018,
    month = sep,
   volume = 864,
      eid = {53},
    pages = {53},
      doi = {10.3847/1538-4357/aad4fd},
   adsurl = {http://adsabs.harvard.edu/abs/2018ApJ...864...53E},
  adsnote = {Provided by the SAO/NASA Astrophysics Data System}
}

@ARTICLE{2006AJ....132..117F,
   author = {{Fan}, X. and {Strauss}, M.~A. and {Becker}, R.~H. and {White}, R.~L. and 
    {Gunn}, J.~E. and {Knapp}, G.~R. and {Richards}, G.~T. and {Schneider}, D.~P. and 
    {Brinkmann}, J. and {Fukugita}, M.},
    title = "{Constraining the Evolution of the Ionizing Background and the Epoch of Reionization with z\~{}6 Quasars. II. A Sample of 19 Quasars}",
  journal = {\aj},
   eprint = {astro-ph/0512082},
 keywords = {Cosmology: Observations, Galaxies: Intergalactic Medium, Galaxies: Quasars: Absorption Lines, Galaxies: Quasars: General},
     year = 2006,
    month = jul,
   volume = 132,
    pages = {117-136},
      doi = {10.1086/504836},
   adsurl = {http://adsabs.harvard.edu/abs/2006AJ....132..117F},
  adsnote = {Provided by the SAO/NASA Astrophysics Data System}
}
